@String{j-BSSA = "Bulletin Seismological Society of America"}
@String{j-EJSE = "Electronical Journal of Structural Engineering"}
@String{j-EPJB = "European Physical Journal B"}
@String{j-EPS = "Earth, Planets, and Space"}
@String{j-ES = "Earthquake Spectra"}
@String{j-GJI = "Geophysical Journal International"}
@String{j-GM = "Geophysical Magazine"}
@String{j-GRL = "Geophysical Research Letters"}
@String{j-HCC = "Hurricanes and Climate Change"}
@String{j-IJMPB = "International Journal of Modern Physics B"}
@String{j-IJMPC = "International Journal of Modern Physics C"}
@String{j-JAP = "Journal of Applied Probability"}
@String{j-JASA = "Journal of the American Statistical Association"}
@String{j-JCSIUT = "Journal College of Science, Imperial University of Tokyo"}
@String{j-JGR = "Journal of Geophysical Research"}
@String{j-NPG = "Nonlinear Processes in Geophysics"}
@String{j-PAG = "Pure and Applied Geophysics"}
@String{j-PEPI = "Physics of Earth and Planetary Interiors"}
@String{j-PhA = "Physica A"}
@String{j-PNAS = "Proceedings National Academy of Sciences"}
@String{j-PRE = "Physical Review E"}
@String{j-PRL = "Physical Review Letters"}
@String{j-S = "Science"}
@String{j-TP = "Tectonophysics"}

@Article{bak_al02:unified,
  author       = "Bak, P. and Christensen, K. and Danon, L. and
                  Scanlon, T.",
  title	       = "Unified scaling law for earthquakes",
  journal      = j-PRL,
  year	       = "2002",
  volume       = "88",
  number       = "178501",
}

@Article{bender_perkins93:_treatment,
  author       = "Bender, B. K. and Perkins, D. M.",
  title	       = "Treatment of parameter uncertainty and variability
                  for a single seismic hazard map",
  journal      = j-ES,
  year	       = "1993",
  volume       = "9",
  number       = "2",
  pages	       = "165--195",
}

@InProceedings{brown_gibson00:reassesment,
  author       = "Brown, A. and Gibson, G.",
  title	       = "Reassesment of earthquake hazard in {Australia}",
  booktitle    = "Proceedings 12th World Conference on Earthquake
                  Engineering",
  pages	       = "7",
  year	       = "2000",
  number       = "0751",
  address      = "Auckland, New Zealand",
}

@Article{christensen_etal02:unified,
  author       = "Christensen, K. and Danon, L. and Scanlon, T. and
                  Bak, P.",
  title	       = "Unified scaling law for earthquakes",
  journal      = j-PNAS,
  year	       = "2002",
  volume       = "99",
  number       = "Supplement 1",
  pages	       = "2509--2513",
}

@Article{consentino_al77:truncated,
  author       = "Consentino, P. and Ficara, V. and Luzio, D.",
  title	       = "Truncated exponential frequency-magnitude
                  relationships in the earthquake statistics",
  journal      = j-BSSA,
  year	       = "1977",
  volume       = "67",
  pages	       = "1615--1623",
}

@Article{cornell68:engineering,
  author       = "Cornell, C. A.",
  title	       = "Engineering seismic risk analysis",
  journal      = j-BSSA,
  year	       = "1968",
  volume       = "58",
  number       = "5",
  pages	       = "1583--1606",
}

@InCollection{cornell94:statistical,
  author       = "Cornell, C. A.",
  title	       = "Statistical analysis of maximum magnitudes",
  booktitle    = "The earthquakes of stable continental regions",
  publisher    = "Electrical Power Research Institute",
  year	       = "1994",
  editor       = "Schneider, J.",
  volume       = "1",
  pages	       = "5/1--27",
  address      = "Palo Alto, Ca",
}

@Article{corral10:cyclones,
  author       = "Corral, A.",
  title	       = "Tropical cyclones as a critical phenomenon",
  journal      = j-HCC,
  year	       = "2010",
  volume       = "2",
  pages	       = "81--99",
}

@Article{corral09:statistical,
  author       = "Corral, A.",
  title	       = "Statistical tests for scaling in the inter-event
                  times of earthquakes in {California}",
  journal      = j-IJMPB,
  year	       = "2009",
  volume       = "23",
  number       = "28--29",
  pages	       = "5570--5582",
}

@Article{corral06:dependence,
  author       = "Corral, A.",
  title	       = "Dependence of earthquake recurrence times and
                  independence of magnitudes on seismicity history",
  journal      = j-TP,
  year	       = "2006",
  volume       = "424",
  pages	       = "177--193",
}

@Article{corral_christensen06:comment,
  author       = "Corral, A. and Christensen, K.",
  title	       = "Comment on ``Earthquakes Descaled''",
  journal      = j-PRL,
  year	       = "2006",
  volume       = "96",
  number       = "109801",
}

@Article{corral05:mixing,
  author       = "Corral, A.",
  title	       = "Mixing of rescaled data and {Bayesian} inference for
                  earthquake recurrence times",
  journal      = j-NPG,
  year	       = "2005",
  volume       = "12",
  pages	       = "89--100",
}

@Article{corral05:comment,
  author       = "Corral, A.",
  title	       = "Comment on ``Do earthquakes exhibit self-organised
                  criticality?''",
  journal      = j-PRL,
  year	       = "2005",
  volume       = "95",
  number       = "159801",
}

@Article{corral05:renormalisation,
  author       = "Corral, A.",
  title	       = "Renormalization-group transformations and
                  correlations of seismicity",
  journal      = j-PRL,
  year	       = "2005",
  volume       = "95",
  number       = "028501",
}

@Article{corral05:time-decreasing,
  author       = "Corral, A.",
  title	       = "Time-decreasing hazard and increasing time until the
                  next earthquake",
  journal      = j-PRE,
  year	       = "2005",
  volume       = "71",
  number       = "017101",
}

@Article{corral04:universal,
  author       = "Corral, A.",
  title	       = "Universal local versus unified global scaling laws
                  in the statistics of seismicity",
  journal      = j-PhA,
  year	       = "2004",
  volume       = "340",
  pages	       = "590--597",
}

@Article{corral04:long-term,
  author       = "Corral, A.",
  title	       = "Long-term clustering, scaling, and universality in
                  the temporal occurrence of earthquakes",
  journal      = j-PRL,
  year	       = "2004",
  volume       = "92",
  number       = "108501",
}

@Article{corral03:local,
  author       = "Corral, A.",
  title	       = "Local distributions and rate fluctuations in a
                  unified scaling law for earthquakes",
  journal      = j-PRE,
  year	       = "2003",
  volume       = "68",
  number       = "035102",
}

@Article{dargahi-noubary83:procedure,
  author       = "Dargahi-Noubary, G. R.",
  title	       = "A procedure for estimation of the upper bound for
                  earthquake magnitudes",
  journal      = j-PEPI,
  year	       = "1983",
  volume       = "33",
  pages	       = "91--93",
}

@Book{embrechts_al97:extremal,
  author       = "Embrechts, P. and Kluppelberg, C. P. and Mikosh, T.",
  title	       = "Modelling extremal events",
  publisher    = "Springer Verlag",
  year	       = "1997",
  address      = "Berlin",
  pages	       = 645
}

@Article{gutenberg-richter44:frequency,
  author       = "Gutenberg, B. and Richter, C. F.",
  title	       = "Frequency of earthquakes in {California}",
  journal      = j-BSSA,
  year	       = "1944",
  volume       = "34",
  pages	       = "185--188",
}

@Article{kagan93:statistics,
  author       = "Kagan, Y. Y.",
  title	       = "Statistics of characteristic earthquakes",
  journal      = j-BSSA,
  year	       = "1993",
  volume       = "83",
  pages	       = "7--24",
}

@Article{kagan97:seismic,
  author       = "Kagan, Y. Y.",
  title	       = "Seismic moment-frequency relation for shallow
                  earthquakes: regional comparison",
  journal      = j-JGR,
  year	       = "1997",
  volume       = "102",
  pages	       = "2835--2852",
}

@Article{kagan_knopoff81:stochastic,
  author       = "Kagan, Y. Y. and Knopoff, L.",
  title	       = "Stochastic synthesis of earthquake catalogs",
  journal      = j-JGR,
  year	       = "1981",
  volume       = "86",
  pages	       = "2853--2862",
}

@Article{kagan_schoenberg01:estimation,
  author       = "Kagan, Y. Y. and Schoenberg, F.",
  title	       = "Estimation of the upper cutoff parameter for the
                  tapered {Pareto} distribution",
  journal      = j-JAP,
  year	       = "2001",
  volume       = "38A",
  pages	       = "901--918",
}

@TechReport{kaklamanos_al10:implementation,
  author       = "Kaklamanos, J. and Boore, D. M. and Thompson,
                  E. M. and Campbell, K. W.",
  title	       = "Implementation of the Next Generation Attenuation
                  (NGA) Ground-Motion prediction equations in
                  {Fortran} and {R}",
  institution  = "U.S. Geological Survey",
  year	       = "2010",
  type	       = "Open-File Report",
  number       = "2010-1296",
}

@Article{kijiko_graham98:parametric,
  author       = "Kijiko, A. and Graham, G.",
  title	       = "Parametric-historic procedure for probabilistic
                  seismic hazard analysis. {Part} 1: {Estimation} of
                  maximum regional magnitude
                  $\mathrm{M}_\mathrm{max}$",
  journal      = j-PAG,
  year	       = "1998",
  volume       = "152",
  pages	       = "413--442",
}

@Article{knopoff_al82:b-values,
  author       = "Knopoff, L. and Kagan, Y. and Knopoff, R.",
  title	       = "b-values for foreshocks and aftershocks in real and
                  simulated earthquake sequences",
  journal      = j-BSSA,
  year	       = "1982",
  volume       = "72",
  number       = "5",
  pages	       = "1663--1675",
}

@Article{lam_wilson08:new,
  author       = "Lam, N. T. K. and Wilson, J. L.",
  title	       = "The new response spectrum model for {Australia}",
  journal      = j-EJSE,
  year	       = "2008",
  volume       = "Special Issue",
  number       = "1",
  pages	       = "6--24",
}

@Article{lee_sornette00:novel,
  author       = "Lee, M. and Sornette, D.",
  title	       = "Novel mechanism for discrete scale invariance in
                  sandpile models",
  journal      = j-EPJB,
  year	       = "2000",
  volume       = "15",
  pages	       = "193--197",
}


@Article{leonard08:hundred,
  author       = "Leonard, M.",
  title	       = "One hundred years of earthquake recording in
                  {Australia}",
  journal      = j-BSSA,
  year	       = "2008",
  volume       = "98",
  number       = "3",
  pages	       = "1458--1470",
}

@InCollection{leonard-al07:model,
  author       = "Leonard, M. and Robinson, D. and Allen, T. and
                  Schneider, J. and Clark, D. and Dhu, T. and
                  Burbidge, D.",
  title	       = "Towards a better model of earthquake hazard in
                  {Australia}",
  booktitle    = "Contintental intraplate earthquakes: Science,
                  hazard, and policy issues",
  crossref     = "stein-mazzotti07:intraplate",
  pages	       = "263--283",
}

@Article{main_al99:constraints,
  author       = "Main, Y. and Irving, D. and Musson, R. and Reading,
                  A.",
  title	       = "Constraints on frequency-magnitude relation and
                  maximum magnitudes in the {UK} from observed
                  seismicity and glacio-isostatic recovery rates",
  journal      = j-GJI,
  year	       = "1999",
  volume       = "137",
  pages	       = "535--550",
}

@Article{marin_etal04:probabilistic,
  author       = "Marin, S. and Avouac, J.-P. and Nicolas, M. and
                  Schlupp, A.",
  title	       = "A probabilistic approach to seismic hazard in
                  metropolitan {France}",
  journal      = j-BSSA,
  year	       = "2004",
  volume       = "94",
  number       = "6",
  pages	       = "2137--2163",
}

@Article{luen_stark12:poisson,
  author       = "Luen, B. and Stark, P. B.",
  title	       = "Poisson tests of declustered catalogs",
  journal      = j-GJI,
  year	       = "2012",
  volume       = "in press",
}

@Article{marsan05:role,
  author       = "Marsan, D.",
  title	       = "The role of small earthquakes in redistributing
                  crustal elastic stress",
  journal      = j-GJI,
  year	       = "2005",
  volume       = "163",
  pages	       = "141--151",
}

@Article{marsan_lengline08:extending,
  author       = "Marsan, D. and Lenglin{\"e}, O.",
  title	       = "Extending earthquakes' reach through cascading",
  journal      = j-S,
  year	       = "2008",
  volume       = "319",
  pages	       = "1076--1079",
}

@Article{marsan_lengline10:estimation,
  author       = "Marsan, D. and Lenglin{\"e}, O.",
  title	       = "A new estimation of the decay of aftershock density
                  with distance to the mainshock",
  journal      = j-JGR,
  year	       = "2010",
  volume       = "115",
  number       = "B09302",
}

@Article{ogata88:statistical,
  author       = "Ogata, Y.",
  title	       = "Statistical models for earthquake occurrences and
                  residual analysis for point processes",
  journal      = j-JASA,
  year	       = "1988",
  volume       = "83",
  number       = "401",
  pages	       = "9--27",
}

@Article{omori94:aftershocks,
  author       = "Omori, F.",
  title	       = "On the aftershocks of earthquakes",
  journal      = j-JCSIUT,
  year	       = "1894",
  volume       = "7",
  pages	       = "111--120",
}

@Article{pisarenko_etal10:distribution,
  author       = "Pisarenko, V. F. and Sornette, D. and Rodkin, M. V.",
  title	       = "Distribution of maximum earthquake magnitudes in
                  future time intervals: application to the seismicity
                  of {Japan} (1923--2007)",
  journal      = j-EPS,
  year	       = "2010",
  volume       = "62",
  number       = "7",
  pages	       = "567--578",
}

@Article{pisarenko_etal08:characterisation,
  author       = "Pisarenko, V. F. and Sornette, A. and Sornette,
                  D. and Rodkin, M. V.",
  title	       = "Characterisation of the tail of the distribution of
                  earthquake magnitudes by combining the {GEV} and
                  {GPD} descriptions of extreme value theory",
  journal      = "ArXiv e-prints",
  year	       = "2008",
  number       = "eprint 0805.1635",
}

@Article{pisarenko_etal08:new_approach,
  author       = "Pisarenko, V. F. and Sornette, A. and Sornette,
                  D. and Rodkin, M. V.",
  title	       = "New approach to the characterisation of
                  {$\mathrm{M}_\mathrm{max}$} and of the tail of the
                  distribution of earthquake magnitudes",
  journal      = j-PAG,
  year	       = "2008",
  volume       = "165",
  pages	       = "847--888",
}

@Article{pisarenko_sornette04:rigorous,
  author       = "Pisarenko, V. F. and Sornette, D.",
  title	       = "Rigorous statistical detection and characterisation
                  of a deviation from the {Gutenberg-Richter}
                  distribution above magnitude 8 in subduction zones",
  journal      = j-PAG,
  year	       = "2004",
  volume       = "161",
  pages	       = "839--864",
}

@Article{pisarenko_sornette03:characterisation,
  author       = "Pisarenko, V. F. and Sornette, D.",
  title	       = "Characterisation of the frequency of extreme events
                  by the generalised {Pareto} distribution",
  journal      = j-PAG,
  year	       = "2003",
  volume       = "160",
  pages	       = "2343--2364",
}

@Article{revets-al09:intraplate,
  author       = "Revets, S. A. and Keep, M. and Kennett, B. L. N.",
  title	       = "{NW Australian} intraplate seismicity and stress
                  regime",
  journal      = j-JGR,
  year	       = "2009",
  volume       = "114",
  number       = "B10305",
}

@InProceedings{sagar_leonard07:mapping,
  author       = "Sagar, S. and Leonard, M.",
  title	       = "Mapping the magnitude of completeness of the
                  {Australian Earthquake Catalogue}",
  booktitle    = "Proceedings Australian Earthquake Engineering Society
                  Conference",
  year	       = "2007",
  number       = "46",
}

@Article{saichev_sornette11:hierarchy,
  author       = "Saichev, A. and Sornette, D.",
  title	       = "Hierarchy of temporal responses of multivariate
                  self-excited epidemic processes",
  journal      = "ArXiv e-prints",
  year	       = "2011",
  number       = "eprint 1101.1611",
}

@Article{saichev_sornette11:generating,
  author       = "Saichev, A. and Sornette, D.",
  title	       = "Generating functions and stability study of
                  multivariate self-excited epidemic processes",
  journal      = j-EPJB,
  year	       = "2011",
  volume       = "83",
  pages	       = "271--282",
}

@Article{saichev-sornette07:power,
  author       = "Saichev, A. and Sornette, D.",
  title	       = "Power law distributions of seismic rates",
  journal      = j-TP,
  year	       = "2007",
  volume       = "431",
  pages	       = "7--13",
}

@Article{saichev_sornette07:theory,
  author       = "Saichev, A. and Sornette, D.",
  title	       = "Theory of earthquake recurrence times",
  journal      = j-JGR,
  year	       = "2007",
  volume       = "112",
  number       = "B04313",
}

@Article{saichev_sornette06:universal,
  author       = "Saichev, A. and Sornette, D.",
  title	       = "``{Universal}'' distribution of inter-earthquake times
                  explained",
  journal      = j-PRL,
  year	       = "2006",
  volume       = "97",
  number       = "078501",
}

@Article{saichev-sornette05:vere-jones,
  author       = "Saichev, A. and Sornette, D.",
  title	       = "{Vere-Jones}' self-similar branching model",
  journal      = j-PRE,
  year	       = "2005",
  volume       = "72",
  number       = "056122",
}

@Article{saichev_sornette04:anomalous,
  author       = "Saichev, A. and Sornette, D.",
  title	       = "Anomalous power law distribution of total lifetimes
                  of aftershock sequences",
  journal      = j-PRE,
  year	       = "2004",
  volume       = "70",
  number       = "046123",
}

@Article{sornette_pisarenko11:correct,
  author       = "Sornette, D. and Pisarenko, V. F.",
  title	       = "On the correct use of statistical tests: reply to
                  ``lies, damned lies and statistics (in Geology)''",
  journal      = "EOS",
  year	       = "2011",
  volume       = "92",
  number       = "8",
  pages	       = "64",
  month	       = "February",
}

@InBook{sornette_werner09:complexity,
  author       = "Sornette, D. and Werner, M. J.",
  editor       = "Lee, W. H. K.",
  title	       = "Complexity in Earthquakes, Tsunamis, and Volcanoes,
                  and Forecast",
  chapter      = "Statistical Physics Approaches to Seismicity",
  publisher    = "Springer Verlag",
  year	       = "2009",
  series       = "Encyclopedia of Complexity and Systems Science",
  pages	       = "7872--7891",
}

@Article{sornette_werner05:apparent,
  author       = "Sornette, D. and Werner, M. J.",
  title	       = "Apparent clustering and apparent background
                  earthquakes biased by undetected seismicity",
  journal      = j-JGR,
  year	       = "2005",
  volume       = "110",
  number       = "B09303",
}

@Article{sornette02:mechanism,
  author       = "Sornette, D.",
  title	       = "Mechanism for power laws without self-organisation",
  journal      = j-IJMPC,
  year	       = "2002",
  volume       = "13",
  number       = "2",
  pages	       = "133--136",
}

@Article{sornette_sornette99:_renormalization,
  author       = "Sornette, A. and Sornette, D.",
  title	       = "Renormalization of earthquake aftershocks",
  journal      = j-GRL,
  year	       = "1999",
  volume       = "26",
  number       = "13",
  pages	       = "1981--1984",
}

@Article{sornette_sornette99:general,
  author       = "Sornette, D. and Sornette, A.",
  title	       = "General theory of the modified {Gutenberg-Richter}
                  law for large seismic moments",
  journal      = j-BSSA,
  year	       = "1999",
  volume       = "89",
  number       = "4",
  pages	       = "1121--1130",
}

@Article{sornette_knopoff97:paradox,
  author       = "Sornette, D. and Knopoff, L.",
  title	       = "The paradox of the expected time until the next
                  earthquake",
  journal      = j-BSSA,
  year	       = "1997",
  volume       = "87",
  number       = "4",
  pages	       = "789--798",
}

@InCollection{stein07:approaches,
  author       = "Stein, S.",
  title	       = "Approaches to continental intraplate earthquake
                  issues",
  booktitle    = "Contintental intraplate earthquakes: Science,
                  hazard, and policy issues",
  year	       = "2007",
  editor       = "Stein, S. and Mazzotti, S.",
  volume       = "425",
  series       = "Geological Society of America Special Paper",
  pages	       = "1--16",
}

@Article{stover66:seismicity,
  author       = "Stover, C. W.",
  title	       = "Seismicity of the {Indian Ocean}",
  journal      = j-JGR,
  year	       = "1966",
  volume       = "71",
  number       = "10",
  pages	       = "2575--2581",
}

@Article{utsu61:aftershocks,
  author       = "Utsu, T.",
  title	       = "A statistical study of the occurrence of
                  aftershocks",
  journal      = j-GM,
  year	       = "1961",
  volume       = "30",
  pages	       = "521--605",
}

@Article{veen_schoenberg08:estimation,
  author       = "Veen, A. and Schoenberg, F. P.",
  title	       = "Estimation of space-time branching process models in
                  seismology using and {EM}-type algorithm",
  journal      = j-JASA,
  year	       = "2008",
  volume       = "103",
  number       = "482",
  pages	       = "614--624",
}

@Article{vere-jones_etal01:remarks,
  author       = "Vere-Jones, D. and Robinson, R. and Yang, W. Z.",
  title	       = "Remarks on the accelerated moment release model:
                  problems of model formulation, simulation and
                  estimation",
  journal      = j-GJI,
  year	       = "2001",
  volume       = "144",
  pages	       = "517--531",
}

@Article{werner_sornette08:magnitude,
  author       = "Werner, M. J. and Sornette, D.",
  title	       = "Magnitude uncertainties impact seismic rate
                  estimates, forecasts and predictability experiments",
  journal      = j-JGR,
  year	       = "2008",
  volume       = "113",
  number       = "B08302",
}

@Article{zoeller-etal10:recurrence,
  author       = "Z{\"o}ller, G. and Hainzl, S. and Holschneider, M.",
  title	       = "Recurrence of large earthquakes:{Bayesian} inference
                  from catalogs in the presence of magnitude
                  uncertainties",
  journal      = j-PAG,
  year	       = "2010",
  volume       = "167",
  number       = "6--7",
  pages	       = "845--853",
}

@Book{stein-mazzotti07:intraplate,
  editor       = "Stein, S. and Mazzotti, S.",
  title	       = "Continental intraplate earthquakes: Science, hazard
                  and policy issues",
  publisher    = "",
  year	       = "2007",
  volume       = "425",
  series       = "Geological Society of America Special Papers",
}

